%% This BibTeX bibliography file was created using BibDesk.
%% http://bibdesk.sourceforge.net/


%% Created for Lauro Cesar Araujo at 2015-04-27 19:43:45 -0300 


%% Saved with string encoding Unicode (UTF-8) 


@article{moore65,
  author = {G. E. Moore},
  journal = {Electronics},
  number = {8},
  title = {Cramming more components onto integrated circuits},
  volume = {38},
  year = {1965}}

@techreport{itrs04,
  organization = {The International Technology Roadmap for Semiconductors},
  org-short = {ITRS},
  title = {ITRS Report 2004 Edition},
  url = {http://www.itrs.net},
  year = {2004}}

@inproceedings{haron08, 
author={Haron, N.Z. and Hamdioui, S.}, 
booktitle={Design and Test Workshop, 2008. IDT 2008. 3rd International}, 
title={Why is CMOS scaling coming to an END?}, 
year={2008}, 
pages={98-103}, 
doi={10.1109/IDT.2008.4802475}, 
month={Dec}}

@article{hutchby02,
  author = {James A. Hutchby and
  George I. Bourianoff and
  Victor V. Zhirnov and Joe E. Brewer},
  journal = {IEEE Circuits and Devices},
  title = {Cramming more components onto integrated circuits},
  volume = {18},
  pages={28-41},
  year = {2002}}
  
@inproceedings{lent97,
    author = {Craig S. Lent and P. Douglas Tougaw},
    title = {A device architecture for computing with quantum dots},
    booktitle = {Proceedings of the IEEE},
    year = {1997}}
    
@inbook{sahni08,
	Author = {Vishal Sahni},
	Booktitle = {Nanocomputing},
	Month = {January},
	Pages = {114-116},
	Publisher = {Tata McGraw-Hill Education},
	Title = {Fabrication, test and architectural challenges},
	Year = {2008}}
	
@article{wenchuang05, 
    author={Wenchuang Hu and Sarveswaran, K. and Lieberman, M. and Bernstein, G.H.}, 
    journal={Nanotechnology, IEEE Transactions on}, 
    number={3},
    pages={312-316}, 
    title={High-resolution electron beam lithography and DNA nano-patterning for molecular QCA}, 
    volume={4}, 
    year={2005}}

@article{toth99,
    author = {T\'{o}th, G\'{e}za and Lent, Craig S.},
    journal = {Journal of Applied Physics},
    number = {5},
    pages = {2977--2984},
    publisher = {AIP},
    title = {Quasiadiabatic switching for metal-island quantum-dot cellular automata},
    volume = {85},
    year = {1999}}
    
@phdthesis{mohmmad10,
	Address = {Notre Dame, Indiana, USA},
	Author = {Mohmmad Tanvir Alam},
	School = {Graduate School of the University of Notre Dame},
	Title = {Design, Fabrication and Modeling of Clocked Nanomagnet Logic Circuit Elements},
	Url = {https://curate.nd.edu/concern/etds/z890rr19n3f},
	Urlaccessdate = {9.11.2015},
	Year = {2010}}
	
@phdthesis{timothy09,
	Address = {Notre Dame, Indiana, USA},
	Author = {Timothy J. Dysart},
	School = {Graduate Program in Computer Science and Engineering},
	Title = {It’s all about the signal routing: Understanding the reliability of QCA circuits and systems},
	Url = {http://www3.nd.edu/~tdysart/Papers/DysartDissertation.pdf},
	Urlaccessdate = {9.11.2015},
	Year = {2009}}
	
@techreport{timothy08,
  author = {Timothy J. Dysart and Daniel J. Lohmer and Peter M. Kogge},
  title = {Missing Cell Patterns Causing Circuit Failures In Densely Packed Molecular QCA Wires},
  url = {http://www.cse.nd.edu/Reports/2008/TR-2008-08.pdf},
  year = {2008},
  month = {August},
  publisher = {Dept. of Computer Science and Engineering, University of Notre Dame},}
  
@inproceedings{ottavi07, 
author={Ottavi, M. and Hashempour, H. and Vankamamidi, V. and Karim, F. and Walus, K. and Ivanov, A.}, 
booktitle={Defect and Fault-Tolerance in VLSI Systems, 2007. DFT '07. 22nd IEEE International Symposium on}, 
title={On the Error Effects of Random Clock Shifts in Quantum-dot Cellular Automata Circuits}, 
year={2007}, 
pages={487-498}, 
doi={10.1109/DFT.2007.58}, 
ISSN={1550-5774}, 
month={Sept},}

@Inproceedings{bruschi11, 
author={Bruschi, F. and Perini, F. and Rana, V. and Sciuto, D.}, 
booktitle={Design, Automation Test in Europe Conference Exhibition (DATE), 2011}, 
title={An efficient Quantum-Dot Cellular Automata adder}, 
year={2011}, 
pages={1-4}, 
doi={10.1109/DATE.2011.5763318}, 
ISSN={1530-1591}, 
month={March},}

@article{kim06,
 author = {Kim, Kyosun and Wu, Kaijie and Karri, Ramesh},
 title = {Quantum-Dot Cellular Automata Design Guideline},
 journal = {IEICE Trans. Fundam. Electron. Commun. Comput. Sci.},
 volume = {E89-A},
 number = {6},
 year = {2006},
 pages = {1607--1614},
 doi = {10.1093/ietfec/e89-a.6.1607},
 publisher = {Oxford University Press},
}

@article{alferov01,
  title = {Nobel Lecture: The double heterostructure concept and its applications in physics, electronics, and technology},
  author = {Alferov, Zhores I.},
  journal = {Rev. Mod. Phys.},
  volume = {73},
  issue = {3},
  pages = {767--782},
  year = {2001},
  month = {Oct},
  publisher = {American Physical Society},
}

@article{tougaw94,
   author = "Tougaw, P. Douglas and Lent, Craig S.",
   title = "Logical devices implemented using quantum cellular automata",
   journal = "Journal of Applied Physics",
   year = "1994",
   volume = "75",
   number = "3", 
   pages = "1818-1825",
   doi = "http://dx.doi.org/10.1063/1.356375" 
}

@article{lent93,
   author = "Lent, Craig S. and Tougaw, P. Douglas and Porod, W. and Bernstein, H. Gary",
   title = "Quantum Cellular Automata",
   journal = "Nanotechnology",
   year = "1993",
   volume = "4",
   number = "1", 
   pages = "49-57",
}

@inbook{landauer94,
	Author = "Landauer, R.",
	title = "Ultimate Limits of Fabrication and Measurement",
	Editor = "Welland, M. E.",
	Publisher = "Ed. Dordrecht:Kluwer",
	Year = "1994",
}

@article{lent96,
   author = "Tougaw, P. Douglas and Lent, Craig S.",
   title = "Dynamic behavior of quantum cellular automata",
   journal = "Journal of Applied Physics",
   year = "1996",
   volume = "80",
   number = "8", 
   pages = "4722-4736",
}

@mastersthesis{campos15,
  author       = {Caio Araújo Teixeira Campos}, 
  title        = {A Feasible Clocking Scheme (USE) and a Standard Cells library (QCA ONE) for Future Quantum-Dot Cellular Automata Circuits},
  school       = {Graduate Program in Computer Science of the Federal University of Minas Gerais},
  year         = 2015,
  address      = {Belo Horizonte, Brazil},
  month        = 3,
}

@mastersthesis{timothy03,
  author       = {Timothy J. Dysart}, 
  title        = {Tools for the design and simulation of clocked molecular quantum-dot cellular automata circuits},
  school       = {Department of Electrical Engineering of the University of Notre Dame},
  year         = 2003,
  address      = {Notre Dame, Indiana, USA},
  month        = 11,
}

@article{bhanja07,
year={2007},
issn={0923-8174},
journal={Journal of Electronic Testing},
volume={23},
number={2-3},
doi={10.1007/s10836-006-0551-y},
title={QCA Circuits for Robust Coplanar Crossing},
publisher={Kluwer Academic Publishers},
author={Bhanja, Sanjukta and Ottavi, Marco and Lombardi, Fabrizio and Pontarelli, Salvatore},
pages={193-210},
language={English}
}

@mastersthesis{blair03,
  author       = {Enrique Blair}, 
  title        = {Tools for the design and simulation of clocked molecular quantum-dot cellular automata circuits},
  school       = {Dept. of Electrical Engineering - University of Notre Dame},
  year         = 2003,
  address      = {Notre Dame, Indiana, USA},
  month        = 11,
}

@article{farazkish12,
year={2012},
journal={Journal of Nanotechnology},
volume={1},
number={8},
title={Novel design for quantum dots cellular automata to obtain fault-tolerant majority gate},
author={Farazkish, R. and Sayedsalehi, S. and Navi, K.},
}
@article{roohi14,
 author = {Roohi, Arman and Khademolhosseini, Hossein and Sayedsalehi, Samira and Navi, Keivan},
 title = {A Symmetric Quantum-dot Cellular Automata Design for 5-input Majority Gate},
 journal = {J. Comput. Electron.},
 volume = {13},
 number = {3},
 month = sep,
 year = {2014},
 issn = {1569-8025},
 pages = {701-708},
 numpages = {8},
 doi = {10.1007/s10825-014-0589-5},
 publisher = {Springer-Verlag New York, Inc.},
 address = {Secaucus, NJ, USA},
}
@article{safavi13,
year={2013},
journal={International Journal of Computer Science and Network Solutions},
volume={1},
number={4},
title={An Overview of Full Adders in QCA Technology},
author={Ammar Safavi and Mohammad Mosleh},
}
@article{farazkish15,
year={2015},
issn={1569-8025},
journal={Journal of Computational Electronics},
volume={14},
number={2},
title={A new quantum-dot cellular automata fault-tolerant full-adder},
publisher={Springer US},
author={Farazkish, Razieh},
pages={506-514},
}

@article{roohi15,
title = "Design and evaluation of an ultra-area-efficient fault-tolerant \{QCA\} full adder ",
journal = "Microelectronics Journal ",
volume = "46",
number = "6",
pages = "531 - 542",
year = "2015",
issn = "0026-2692",
author = "Arman Roohi and Ronald F. DeMara and Navid Khoshavi",
}

@article{sardinha15,
title = "TCAM/CAM-QCA: (Ternary) Content Addressable Memory using Quantum-dot Cellular Automata ",
journal = "Microelectronics Journal ",
volume = "46",
number = "7",
pages = "563 - 571",
year = "2015",
issn = "0026-2692",
author = "Luiz H.B. Sardinha and Douglas S. Silva and Marcos A.M. Vieira and Luiz F.M. Vieira and Omar P. Vilela Neto",
}

@article{angizi15,
title = "Design and evaluation of new majority gate-based RAM cell in quantum-dot cellular automata ",
journal = "Microelectronics Journal ",
volume = "46",
number = "1",
pages = "43 - 51",
year = "2015",
note = "",
issn = "0026-2692",
author = "Shaahin Angizi and Soheil Sarmadi and Samira Sayedsalehi and Keivan Navi",
}

@inproceedings{walus05, 
author={Walus, K. and Mazur, M. and Schulhof, G. and Jullien, G.A.}, 
booktitle={Application-Specific Systems, Architecture Processors, 2005. ASAP 2005. 16th IEEE International Conference on}, 
title={Simple 4-bit processor based on quantum-dot cellular automata (QCA)}, 
year={2005}, 
pages={288-293}, 
ISSN={2160-0511}, 
month={July},}

@inproceedings{fazzion14, 
author={Fazzion, E. and Fonseca, O.L.H.M. and Nacif, J.A.M. and Vilela Neto, O.P. and Fernandes, A.O. and Silva, D.S.}, 
booktitle={Integrated Circuits and Systems Design (SBCCI), 2014 27th Symposium on}, 
title={A quantum-dot cellular automata processor design}, 
year={2014}, 
pages={1-7}, 
month={Sept},}

@article{silva15, 
author={Silva, D.S. and Sardinha, L.H.B. and Vieira, M.A.M. and Vieira, L.F.M. and Vilela Neto, O.P.}, 
journal={Nanotechnology, IEEE Transactions on}, 
title={Robust Serial Nanocommunication With QCA}, 
year={2015}, 
volume={14}, 
number={3}, 
pages={464-472}, 
ISSN={1536-125X}, 
month={May},}

@article{orlov00,
   author = "Orlov, Alexei O. and Amlani, Islamshah and Kummamuru, Ravi K. and Ramasubramaniam, Rajagopal and Toth, Geza and Lent, Craig S. and Bernstein, Gary H. and Snider, Gregory L.",
   title = "Experimental demonstration of clocked single-electron switching in quantum-dot cellular automata",
   journal = "Applied Physics Letters",
   year = "2000",
   volume = "77",
   number = "2", 
   pages = "295-297",
}

@article{orlov97,
author = {Orlov, A. O. and Amlani, I. and Bernstein, G. H. and Lent, C. S. and Snider, G. L.}, 
title = {Realization of a Functional Cell for Quantum-Dot Cellular Automata},
volume = {277}, 
number = {5328}, 
pages = {928-930}, 
year = {1997}, 
journal = {Science} 
}

@inbook{liu13,
	Author = "Weiqiang Liu and Maire O'Neill and Earl Swartzlander",
	title = "Design of Semiconductor QCA Systems",
	Publisher = "Artech House",
	Year = "2013",
}

@article{perez07,
   author = "Perez-Martinez, F. and Farrer, I. and Anderson, D. and Jones, G. A. C. and Ritchie, D. A. and Chorley, S. J. and Smith, C. G.",
   title = "Demonstration of a quantum cellular automata cell in a GaAs AlGaAs heterostructure",
   journal = "Applied Physics Letters",
   year = "2007",
   volume = "91",
   number = "3", 
   pages = "",
}

@article{macucci03,
title = {A QCA cell in silicon-on-insulator technology: theory and experiment},
author = {M Macucci and M Gattobigio and L Bonci and G Iannaccone and F.E Prins and C Single and G Wetekam and D.P Kern},
journal = {Superlattices and Microstructures},
volume = {34},
issue = {3-6},
pages = {205--211},
year = {2003},
}

@article{smith03,
author = "C.G Smith and S Gardelis and A.W Rushforth and R Crook and J Cooper and D.A Ritchie and E.H Linfield and Y Jin and M Pepper",
title = "Realization of quantum-dot cellular automata using semiconductor quantum dots ",
journal = "Superlattices and Microstructures ",
volume = "34",
number = "3–6",
pages = "195 - 203",
year = "2003",
issn = "0749-6036",
}

@article{neisser15,
author = "Mark Neisser and Stefan Wurm",
title = "ITRS lithography roadmap: 2015 challenges",
journal = "Adv. Opt. Techn.",
volume = "4",
number = "4",
pages = "235 - 240",
year = "2015",
}

@article{jiao03,
author = {Jieying Jiao and Gary J. Long and Fernande Grandjean and Alicia M. Beatty and Thomas P. Fehlner},
title = {Building Blocks for the Molecular Expression of Quantum Cellular Automata. Isolation and Characterization of a Covalently Bonded Square Array of Two Ferrocenium and Two Ferrocene Complexes},
journal = {Journal of the American Chemical Society},
volume = {125},
number = {25},
pages = {7522-7523},
year = {2003},
}

@inproceedings{lu04,
author={Yuhui Lu and Lent, C.S.},
booktitle={Computational Electronics, 2004. IWCE-10 2004. Abstracts. 10th International Workshop on},
title={Theoretical study of molecular quantum dot cellular automata},
year={2004},
pages={118-119},
}

@article{lent03_1,
author = {Craig S. Lent and Beth Isaksen and Marya Lieberman},
title = {Molecular Quantum-Dot Cellular Automata},
journal = {Journal of the American Chemical Society},
volume = {125},
number = {4},
pages = {1056-1063},
year = {2003},
}

@article{lent03_2,
author = {Craig S. Lent and Beth Isaksen},
title = {Clocked Molecular Quantum-Dot Cellular Automata},
journal = {IEEE Transactions on Electron Devices},
volume = {50},
number = {9},
pages = {1890-1896},
year = {2003},
}

@article{li03_p1,
    author = {Li, Zhaohui and Beatty, Alicia M. and Fehlner, Thomas P.},
    day = {14},
    journal = {Inorg. Chem.},
    month = aug,
    number = {18},
    pages = {5707--5714},
    publisher = {American Chemical Society},
    title = {{Molecular QCA Cells. 1. Structure and Functionalization of an Unsymmetrical Dinuclear Mixed-Valence Complex for Surface Binding}},
    volume = {42},
    year = {2003}
}

@article{li03_p2,
    author = {Li, Zhaohui and Fehlner, Thomas P.},
    day = {14},
    journal = {Inorg. Chem.},
    month = aug,
    number = {18},
    pages = {5715--5721},
    publisher = {American Chemical Society},
    title = {{Molecular QCA Cells. 2. Characterization of an Unsymmetrical Dinuclear Mixed-Valence Complex Bound to a Au Surface by an Organic Linker}},
    volume = {42},
    year = {2003}
}

@article{pulimeno13,
author={Pulimeno, A. and Graziano, M. and Sanginario, A. and Cauda, V. and Demarchi, D. and Piccinini, G.},
journal={Nanotechnology, IEEE Transactions on},
title={Bis-Ferrocene Molecular QCA Wire: Ab Initio Simulations of Fabrication Driven Fault Tolerance},
year={2013},
volume={12},
number={4},
pages={498-507},
ISSN={1536-125X},
month={July},}

@article{imre06,
author = {Imre, A. and Csaba, G. and Ji, L. and Orlov, A. and Bernstein, G. H. and Porod, W.}, 
title = {Majority Logic Gate for Magnetic Quantum-Dot Cellular Automata},
volume = {311}, 
number = {5758}, 
pages = {205-208}, 
year = {2006}, 
journal = {Science} 
}

@article {orlov08,
author = "Orlov, A. and Imre, A. and Csaba, G. and Ji, L. and Porod, W. and Bernstein, G. H.",
title = "Magnetic Quantum-Dot Cellular Automata: Recent Developments and Prospects",
journal = "Journal of Nanoelectronics and Optoelectronics",
volume = "3",
number = "1",
year = "2008",
pages = "55-68",
}

@inproceedings{varga10, 
author={Varga, E. and Liu, S. and Niemier, M.T. and Porod, W. and Hu, X.S. and Bernstein, G.H. and Orlov, A.}, 
booktitle={Device Research Conference (DRC), 2010}, 
title={Experimental demonstration of fanout for Nanomagnet Logic}, 
year={2010}, 
pages={95-96}, 
ISSN={1548-3770}, 
month={June},
}

@article{pulecio10,
   author = "Pulecio, Javier F. and Bhanja, Sanjukta",
   title = "Magnetic cellular automata coplanar cross wire systems",
   journal = "Journal of Applied Physics",
   year = "2010",
   volume = "107",
   number = "3", 
   pages = "",
}

@article{ryoichi09,
  author={Ryoichi Nakatani and Hikaru Nomura and Yasushi Endo},
  title={Magnetic logic devices composed of permalloy dots},
  journal={Journal of Physics: Conference Series},
  volume={165},
  number={1},
  pages={012030},
  year={2009},
}

@article{niemier10,
  title={Boolean logic through shape-engineered magnetic dots with slanted edges},
  author={Niemier, Michael and Varga, Edit and Bernstein, G and Porod, Wolfgang and Alam, M and Dingler, Aaron and Orlov, Alexei and Hu, X},
  journal={IEEE Trans. on Nanotechnology},
  year={2010}
}

@article{csaba02, 
author={Csaba, Gyorgy and Imre, A. and Bernstein, G.H. and Porod, W. and Metlushko, Vitali}, 
journal={Nanotechnology, IEEE Transactions on}, 
title={Nanocomputing by field-coupled nanomagnets}, 
year={2002}, 
volume={1}, 
number={4}, 
pages={209-213}, 
ISSN={1536-125X}, 
month={Dec},}

@inproceedings{csaba04, 
author={Csaba, G. and Lugli, P. and Csurgay, A. and Porod, W.}, 
booktitle={Computational Electronics, 2004. IWCE-10 2004. Abstracts. 10th International Workshop on}, 
title={Simulation of power gain and dissipation in field-coupled nanomagnets}, 
year={2004}, 
pages={113-114},
month={Oct},}

@inproceedings{crocker10, 
author={Crocker, M. and Hu, X.S. and Niemier, M.}, 
booktitle={Nanoscale Architectures (NANOARCH), 2010 IEEE/ACM International Symposium on}, 
title={Design and comparison of NML systolic architectures}, 
year={2010}, 
pages={29-34},
month={June},}

@inbook{huang10,
	Author = {Chao Huang},
	Booktitle = {Robust Computing with Nano-scale Devices: Progresses and Challenges},
	Month = {March},
	Pages = {30},
	Publisher = {Springer},
	Title = {Transistor-Level based Defect-Tolerance for Reliable Nanoelectronics},
	Year = {2010}}
	
@inproceedings{elmaleh08, 
author={El-Maleh, A.H. and Al-Hashimi, B.M. and Melouki, A.}, 
booktitle={Computer Systems and Applications, 2008. AICCSA 2008. IEEE/ACS International Conference on}, 
title={Transistor-level based defect tolerance for reliable nanoelectronics}, 
year={2008}, 
pages={53-60},
month={March},}

@inproceedings{huang04, 
author={Jing Huang and Momenzadeh, M. and Tahoori, M.B. and Lombardi, Fabrizio}, 
booktitle={Defect and Fault Tolerance in VLSI Systems, 2004. DFT 2004. Proceedings. 19th IEEE International Symposium on}, 
title={Defect characterization for scaling of QCA devices [quantum dot cellular automata ]}, 
year={2004}, 
pages={30-38}, 
ISSN={1550-5774}, 
month={Oct},}

@article{blyzniuk01,
  title={Probabilistic analysis of CMOS physical defects in VLSI circuits for test coverage improvement},
  author={Blyzniuk, Mykola and Kazymyra, Irena and Kuzmicz, Wieslaw and Pleskacz, Witold A and Raik, Jaan and Ubar, Raimund},
  journal={Microelectronics Reliability},
  volume={41},
  number={12},
  pages={2023--2040},
  year={2001},
  publisher={Elsevier}
}

@article{charlier02,
author = {J.-C. Charlier},
title = {Defects in Carbon Nanotubes},
journal = {Accounts of Chemical Research},
volume = {35},
number = {12},
pages = {1063-1069},
year = {2002},
}

@article{dai10,
 author = {Dai, Jianwei and Wang, Lei and Lombardi, Fabrizio},
 title = {An Information-theoretic Analysis of Quantum-dot Cellular Automata for Defect Tolerance},
 journal = {J. Emerg. Technol. Comput. Syst.},
 volume = {6},
 number = {3},
 month = aug,
 year = {2010},
 issn = {1550-4832},
 pages = {9:1--9:19},
}

@inproceedings{armstrong03,
author={Armstrong, C Duane and Humphreys, William M and Fijany, Amir},
booktitle={11th NASA VLSI Design Symp}, 
title={The design of fault tolerant quantum dot cellular automata based logic},
year={2003}, }

@article{karim09,
year={2009},
issn={0923-8174},
journal={Journal of Electronic Testing},
volume={25},
number={1},
title={Modeling and Evaluating Errors Due to Random Clock Shifts in Quantum-Dot Cellular Automata Circuits},
author={Karim, Faizal and Ottavi, Marco and Hashempour, Hamidreza and Vankamamidi, Vamsi and Walus, Konrad and Ivanov, André and Lombardi, Fabrizio},
pages={55-66},
}

@mastersthesis{beard06,
  author       = {Mary Jean Beard}, 
  title        = {Design and simulation of fault-tolerant Quantum-dot Cellular Automata (QCA) NOT gates},
  school       = {Dept. of Electrical and Computer Engineering - Wichita State University},
  year         = 2006,
  address      = {Wichita, Kansas, USA},
  month        = 07,
}

@article{fijany01,
  title={New design for quantum dots cellular automata to obtain fault tolerant logic gates},
  author={Fijany, Amir and Toomarian, Benny N},
  journal={Journal of nanoparticle Research},
  volume={3},
  number={1},
  pages={27--37},
  year={2001},
  publisher={Springer}
}

@article{bibhash13,
  title={Design of Efficient Full Adder in Quantum-Dot Cellular Automata},
  author={Bibhash Sen and Ayush Rajoria and Biplab K. Sikdar},
  journal={The Scientific World Journal},
  volume={2013},
  number={1},
  year={2013},
  doi={10.1155/2013/250802}
}

@inproceedings{tahoori04, 
author={Tahoori, M.B. and Momenzadeh, M. and Jing Huang and Lombardi, Fabrizio}, 
booktitle={VLSI Test Symposium, 2004. Proceedings. 22nd IEEE}, 
title={Defects and faults in quantum cellular automata at nano scale}, 
year={2004}, 
pages={291-296}, 
ISSN={1093-0167}, 
month={April},}

@article{gupta07, 
author={Gupta, P. and Jha, N.K. and Lingappan, L.}, 
journal={Very Large Scale Integration (VLSI) Systems, IEEE Transactions on}, 
title={A Test Generation Framework for Quantum Cellular Automata Circuits}, 
year={2007}, 
volume={15}, 
number={1}, 
pages={24-36}, 
ISSN={1063-8210}, 
month={Jan},}

@article{huang07,
title = "Analysis of missing and additional cell defects in sequential quantum-dot cellular automata ",
journal = "Integration, the VLSI Journal ",
volume = "40",
number = "4",
pages = "503 - 515",
year = "2007",
note = "System-Level Interconnect Prediction ",
issn = "0167-9260",
author = "J. Huang and M. Momenzadeh and F. Lombardi",
}

@article{khatun06,
  author={M Khatun and T Barclay and I Sturzu and P D Tougaw},
  title={Fault tolerance properties in quantum-dot cellular automata devices},
  journal={Journal of Physics D: Applied Physics},
  volume={39},
  number={8},
  pages={1489},
  year={2006},
}

@article{yang12, 
author={Xiaokuo Yang and Li Cai and Shuzhao Wang and Zhuo Wang and Chaowen Feng}, 
journal={Nanotechnology, IEEE Transactions on}, 
title={Reliability and Performance Evaluation of QCA Devices With Rotation Cell Defect}, 
year={2012}, 
volume={11}, 
number={5}, 
pages={1009-1018}, 
ISSN={1536-125X}, 
month={Sept},}

@article{schulhof07,
 author = {Schulhof, Gabriel and Walus, Konrad and Jullien, Graham A.},
 title = {Simulation of Random Cell Displacements in QCA},
 journal = {J. Emerg. Technol. Comput. Syst.},
 issue_date = {April 2007},
 volume = {3},
 number = {1},
 month = apr,
 year = {2007},
 issn = {1550-4832},
 articleno = {2},
 publisher = {ACM},
 address = {New York, NY, USA},
}

@article{mahdavi11, 
author={Mahdavi, M. and Mirzakuchaki, S. and Moghaddasi, M.N. and Amiri, M.A.}, 
journal={Micro Nano Letters, IET}, 
title={Single electron fault modelling in quantum binary wire}, 
year={2011}, 
volume={6}, 
number={2}, 
pages={75-77}, 
ISSN={1750-0443}, 
month={February},}

@article{tahoori04_1, 
author={Tahoori, M.B. and Jing Huang and Momenzadeh, M. and Lombardi, Fabrizio}, 
journal={Nanotechnology, IEEE Transactions on}, 
title={Testing of quantum cellular automata}, 
year={2004}, 
volume={3}, 
number={4}, 
pages={432-442}, 
ISSN={1536-125X}, 
month={Dec},}

@article{hashemi12,
  title={An efficient quantum-dot cellular automata full-adder},
  author={Hashemi, Sara and Tehrani, Mohammad and Navi, Keivan},
  journal={Scientific Research and Essays},
  volume={7},
  number={2},
  pages={177--189},
  year={2012},
  publisher={Academic Journals}
}

@article{hyun04, 
author={Myung-Hyun Lee and Young Kwan Kim and Yoon-Hwa Choi}, 
journal={Nanotechnology, IEEE Transactions on}, 
title={A defect-tolerant memory architecture for molecular electronics}, 
year={2004}, 
volume={3}, 
number={1}, 
pages={152-157}, 
ISSN={1536-125X}, 
month={March},}

@article{walus04, 
author={Walus, K. and Dysart, T.J. and Jullien, G.A. and Budiman, R.A.}, 
journal={Nanotechnology, IEEE Transactions on}, 
title={QCADesigner: a rapid design and Simulation tool for quantum-dot cellular automata}, 
year={2004}, 
volume={3}, 
number={1}, 
pages={26-31}, 
ISSN={1536-125X}, 
month={March},}

@conference{lent97_AQUINAS,
author = {Lent, C.S.},
title = {Aquinas: a quantum interconnected network array simulator.},
booktitle = {Proceedings of Fifth International Workshop on Computational Electronics,},
year = {1997}
}

@book{eshaghian09,
  title={Bio-inspired and nanoscale integrated computing},
  author={Eshaghian-Wilner, Mary},
  volume={1},
  year={2009},
  publisher={John Wiley \& Sons}
}

@book{wang10,
  title={System-on-Chip Test Architectures: Nanometer Design for Testability},
  author={Wang, L.T. and Stroud, C.E. and Touba, N.A.},
  isbn={9780080556802},
  series={Systems on Silicon},
  year={2010},
  publisher={Elsevier Science}
}

@phdthesis{padgett10,
  title={Modeling and simulation of fault tolerant properties of quantum-dot cellular automata devices},
  author={Padgett, Benjamin David},
  year={2010},
  school={Ball State University}
}

@inproceedings{hashempour07, 
author={Hashempour, M. and Arani, Z.M. and Lombardi, Fabrizio}, 
booktitle={Defect and Fault-Tolerance in VLSI Systems, 2007. DFT '07. 22nd IEEE International Symposium on}, 
title={Error Tolerance of DNA Self-Healing Assemblies by Puncturing}, 
year={2007}, 
pages={400-408}, 
ISSN={1550-5774}, 
month={Sept},}

@inproceedings{cho11, 
author={Geunho Cho and Lombardi, Fabrizio}, 
booktitle={Defect and Fault Tolerance in VLSI and Nanotechnology Systems (DFT), 2011 IEEE International Symposium on}, 
title={On the Delay Analysis of Defective CNTFETs with Undeposited CNTs}, 
year={2011}, 
pages={419-425},  
month={Oct},}

@article{sen15,
title = "Towards modular design of reliable quantum-dot cellular automata logic circuit using multiplexers ",
journal = "Computers and Electrical Engineering ",
volume = "45",
number = "",
pages = "42 - 54",
year = "2015",
issn = "0045-7906",
author = "Bibhash Sen and Mrinal Goswami and Subhra Mazumdar and Biplab K Sikdar",
}

@inproceedings{das12, 
author={Das, S. and De, D.}, 
booktitle={Radar, Communication and Computing (ICRCC), 2012 International Conference on}, 
title={Nanocommunication using QCA: A data path selector cum router for efficient channel utilization}, 
year={2012}, 
pages={43-47}, 
month={Dec},}

@article{sardinha13, 
author={Sardinha, L.H.B. and Costa, A.M.M. and Neto, O.P.V. and Vieira, L.F.M. and Vieira, M.A.M.}, 
journal={Selected Areas in Communications, IEEE Journal on}, 
title={NanoRouter: A Quantum-dot Cellular Automata Design}, 
year={2013}, 
volume={31}, 
number={12}, 
pages={825-834}, 
ISSN={0733-8716}, 
month={December},}

@inproceedings{reis15, 
author={Reis, D.A. and Torres, F.S.}, 
booktitle={Proceedings of the 2nd Nanocomputing Workshop - NaCoWo}, 
title={O Uso do Clock Ass\'{i}ncrono para Aumento da Confiabilidade de Circuitos QCA}, 
year={2015}, 
pages={-},
url={http://www.nacowo.dcc.ufmg.br/}, 
month={Oct},}

@book{hoefflinger12,
  title={Chips 2020: A Guide to the Future of Nanoelectronics},
  author={Hoefflinger, B.},
  isbn={9783642223990},
  series={The Frontiers Collection},
  year={2012},
  publisher={Springer Berlin Heidelberg}
}

@article{brown04,
title = "Scaling CMOS: Materials \& devices ",
journal = "Materials Today ",
volume = "7",
number = "1",
pages = "20 - 25",
year = "2004",
note = "",
issn = "1369-7021",
author = "G.A Brown and P.M Zeitzoff and G Bersuker and H.R Huff"
}

@article{frank02, 
author={Frank, D.J.}, 
journal={IBM Journal of Research and Development}, 
title={Power-constrained CMOS scaling limits}, 
year={2002}, 
volume={46}, 
number={2.3}, 
pages={235-244},
ISSN={0018-8646}, 
month={March},}

@inproceedings{kaur15,
  title={Nano Electronics: A New Era of Devices},
  author={Kaur, Inderpreet and Yadav, Shriniwas and Singh, Sukhbir and Kumar, Vanish and Arora, Shweta and Bhatnagar, Deepika},
  booktitle={Solid State Phenomena},
  volume={222},
  pages={99--116},
  year={2015},
  organization={Trans Tech Publ}
}

@techreport{nstc99,
  organization = {National Science and Technology Council - Committee on Technology},
  org-short = {NSTC},
  title = {Nanotechnology: Shaping the World Atom by Atom},
  country = {USA},
  url = {http://www.ewh.ieee.org/soc/cpmt/presentations/nanoarticle.pdf},
  year = {1999}
}

@article{liang15,
title = "Influence of the shape of quantum dots on their optical absorptions ",
journal = "Physica B: Condensed Matter ",
volume = "462",
number = "",
pages = "15 - 17",
year = "2015",
note = "",
issn = "0921-4526",
author = "Litao Liang and Wenfang Xie",
}

@article{campos15_b, 
author={Campos, C.A.T. and Marciano, A.L. and Vilela Neto, O.P. and Torres, F.S.}, 
journal={Computer-Aided Design of Integrated Circuits and Systems, IEEE Transactions on}, 
title={USE: A Universal, Scalable and Efficient clocking scheme for QCA}, 
year={2015}, 
volume={PP}, 
number={99}, 
pages={1-1}, 
ISSN={0278-0070}, 
month={},}

@article{vankamamidi08, 
author={Vankamamidi, V. and Ottavi, M. and Lombardi, Fabrizio}, 
journal={Computer-Aided Design of Integrated Circuits and Systems, IEEE Transactions on}, 
title={Two-Dimensional Schemes for Clocking/Timing of QCA Circuits}, 
year={2008}, 
volume={27}, 
number={1}, 
pages={34-44}, 
ISSN={0278-0070}, 
month={Jan},}

@inproceedings{reis16,
  title={A Methodology for Standard Cell Design for QCA},
  author={Dayane Alfenas Reis and Caio Ara\'{u}jo T. Campos and Thiago Rodrigues B. S. Soares and Omar Paranaiba V. Neto and Frank Sill Torres},
  booktitle={Proceedings of the IEEE International Symposium on Circuits and Systems},
  volume={to appear},
  year={2016},
  address = {Montreal, Canada},
}

@inproceedings{reis15_sbcci,
 author = {Reis, Dayane Alfenas and Torres, Frank Sill},
 title = {A Novel Methodology for Robustness Analysis of QCA Circuits},
 booktitle = {Proceedings of the 28th Symposium on Integrated Circuits and Systems Design},
 series = {SBCCI '15},
 year = {2015},
 isbn = {978-1-4503-3763-2},
 location = {Salvador, Brazil},
 pages = {15:1--15:7},
 publisher = {ACM},
 address = {New York, NY, USA},
} 
